02RETORNO01COBRANCA       011100123450        Teste de Retorno              341BANCO ITAU S.A.22081301600BPI00112210613                                                                                                                                                                                                                                                                                   000001
10209361352000321017700653730                                 00231327            109002313270             I06200613          00231327            000000000000003897500130270  000000000033300000000000000000000000000000000000000000000000000000000000017645000000002099700000000000000000000000000   21061300000000000000000000000                                                                    B2000002
10209361352000321017700653730                                 00123442            109001234425             I06200613          00123442            000000000000005650000130270  000000000033300000000000000000000000000000000000000000000000000000000000019715000000003645200000000000000000000000000   21061300000000000000000000000                                                                    B2000003
10209361352000321017700653730                                 00211842            109002118429             I06200613          00211842            000000000000003954134103673  000000000033300000000000000000000000000000000000000000000000000000000000000000000000003920900000000000010000000000000   21061300000000000000000000000                                                                    BL000004
10209361352000321017700653730                                 00237636            109002376365             I06200613          00237636            000000000000005456023728753  000000000033300000000000000000000000000000000000000000000000000000000000020160000000003406700000000000000000000000000   21061300000000000000000000000                                                                    B1000005
9201341          000000000000000000000000000000          000000000000000000000000000000                                                  000000000000000000000000000000          000000000000000000000000000000001120000000400000000189576                                                                                                                                                                000006
